%YAML 1.1
%TAG !u! tag:unity3d.com,2011:
--- !u!244 &-9142449125340488893
AudioMixerEffectController:
  m_ObjectHideFlags: 3
  m_CorrespondingSourceObject: {fileID: 0}
  m_PrefabInstance: {fileID: 0}
  m_PrefabAsset: {fileID: 0}
  m_Name: 
  m_EffectID: 1bd77ff75674ae3478edabd2ac95ac24
  m_EffectName: Attenuation
  m_MixLevel: 5371af9b43a15174eb531f4e5825f0be
  m_Parameters: []
  m_SendTarget: {fileID: 0}
  m_EnableWetMix: 0
  m_Bypass: 0
--- !u!243 &-7475086350436620987
AudioMixerGroupController:
  m_ObjectHideFlags: 0
  m_CorrespondingSourceObject: {fileID: 0}
  m_PrefabInstance: {fileID: 0}
  m_PrefabAsset: {fileID: 0}
  m_Name: Fireworks
  m_AudioMixer: {fileID: 24100000}
  m_GroupID: d0eaf5f78759ce04282ddcba0f6fa1ca
  m_Children: []
  m_Volume: 4f2447df11b6c2447ab33066edd48a8b
  m_Pitch: d1d2b3232a41d61499af3ad081db10bc
  m_Send: 00000000000000000000000000000000
  m_Effects:
  - {fileID: 3872113946784164092}
  m_UserColorIndex: 0
  m_Mute: 0
  m_Solo: 0
  m_BypassEffects: 0
--- !u!241 &24100000
AudioMixerController:
  m_ObjectHideFlags: 0
  m_CorrespondingSourceObject: {fileID: 0}
  m_PrefabInstance: {fileID: 0}
  m_PrefabAsset: {fileID: 0}
  m_Name: SFX Mixer
  m_OutputGroup: {fileID: 0}
  m_MasterGroup: {fileID: 24300002}
  m_Snapshots:
  - {fileID: 24500006}
  m_StartSnapshot: {fileID: 24500006}
  m_SuspendThreshold: -80
  m_EnableSuspend: 1
  m_UpdateMode: 0
  m_ExposedParameters: []
  m_AudioMixerGroupViews:
  - guids:
    - 4d40189874c722a449f8ee18750052db
    - d0eaf5f78759ce04282ddcba0f6fa1ca
    - 6915ae175c9c2ac4f8fb2491b6c18251
    name: View
  m_CurrentViewIndex: 0
  m_TargetSnapshot: {fileID: 24500006}
--- !u!243 &24300002
AudioMixerGroupController:
  m_ObjectHideFlags: 0
  m_CorrespondingSourceObject: {fileID: 0}
  m_PrefabInstance: {fileID: 0}
  m_PrefabAsset: {fileID: 0}
  m_Name: Master
  m_AudioMixer: {fileID: 24100000}
  m_GroupID: 4d40189874c722a449f8ee18750052db
  m_Children:
  - {fileID: -7475086350436620987}
  - {fileID: 7975536079591657920}
  m_Volume: 8bb9e47e4b0ca2f43b934f5392f470e0
  m_Pitch: d82dc21ed958f814cb9e3deaef66889d
  m_Send: 00000000000000000000000000000000
  m_Effects:
  - {fileID: 24400004}
  m_UserColorIndex: 0
  m_Mute: 0
  m_Solo: 0
  m_BypassEffects: 0
--- !u!244 &24400004
AudioMixerEffectController:
  m_ObjectHideFlags: 3
  m_CorrespondingSourceObject: {fileID: 0}
  m_PrefabInstance: {fileID: 0}
  m_PrefabAsset: {fileID: 0}
  m_Name: 
  m_EffectID: 25b24686990feb04ba3e6ac4efeab144
  m_EffectName: Attenuation
  m_MixLevel: 193c3bd8ea9ff6a428e8e24defb7fd35
  m_Parameters: []
  m_SendTarget: {fileID: 0}
  m_EnableWetMix: 0
  m_Bypass: 0
--- !u!245 &24500006
AudioMixerSnapshotController:
  m_ObjectHideFlags: 0
  m_CorrespondingSourceObject: {fileID: 0}
  m_PrefabInstance: {fileID: 0}
  m_PrefabAsset: {fileID: 0}
  m_Name: Snapshot
  m_AudioMixer: {fileID: 24100000}
  m_SnapshotID: fc5b92359277ab148ae407badefadf8d
  m_FloatValues: {}
  m_TransitionOverrides: {}
--- !u!244 &3872113946784164092
AudioMixerEffectController:
  m_ObjectHideFlags: 3
  m_CorrespondingSourceObject: {fileID: 0}
  m_PrefabInstance: {fileID: 0}
  m_PrefabAsset: {fileID: 0}
  m_Name: 
  m_EffectID: 8ff98057b3d476f40890eb9dbced03ea
  m_EffectName: Attenuation
  m_MixLevel: f6a755434367a8949b94343f2745b077
  m_Parameters: []
  m_SendTarget: {fileID: 0}
  m_EnableWetMix: 0
  m_Bypass: 0
--- !u!243 &7975536079591657920
AudioMixerGroupController:
  m_ObjectHideFlags: 0
  m_CorrespondingSourceObject: {fileID: 0}
  m_PrefabInstance: {fileID: 0}
  m_PrefabAsset: {fileID: 0}
  m_Name: Applause
  m_AudioMixer: {fileID: 24100000}
  m_GroupID: 6915ae175c9c2ac4f8fb2491b6c18251
  m_Children: []
  m_Volume: e8c2922bd1d50e64884fa1200b8f8bb2
  m_Pitch: e33dfd309962bd943847b7ad4d000dd7
  m_Send: 00000000000000000000000000000000
  m_Effects:
  - {fileID: -9142449125340488893}
  m_UserColorIndex: 0
  m_Mute: 0
  m_Solo: 0
  m_BypassEffects: 0
